%% LaTeX2e file `guia.bib'
%% generated by the `filecontents' environment
%% from source `informe' on 2015/04/22.
%%
% note el uso de las llaves {} para escapar la instrucción \LaTeX dentro del título del artículo
@ARTICLE{Downes2002,
  title = {Short Math Guide for {\LaTeX}},
  author = {Michael Downes},
  year = {2002},
  url = {ftp://ftp.ams.org/pub/tex/doc/amsmath/short-math-guide.pdf}
}
